@online{pascal-tutorial-wikibooks,
  title   = {Pascal Programming},
  subtitle= {Wikibooks},
  url     = {https://en.wikibooks.org/wiki/Pascal_Programming},
  urldate = {2025-10-15},
  year    = {2024},
  note    = {Open access}
}

@online{w3pascal-io,
  title   = {Text I/O},
  author  = {{Wikibooks contributors}},
  organization = {Wikibooks: Pascal Programming},
  url     = {https://en.wikibooks.org/wiki/Pascal_Programming/Text_io},
  urldate = {2025-10-15}
}

@online{free-pascal-docs,
  title   = {Free Pascal Documentation},
  organization = {Free Pascal Team},
  url     = {https://www.freepascal.org/docs.html},
  urldate = {2025-10-15}
}

@online{gnu-c-manual,
  title   = {The GNU C Reference Manual},
  author  = {Trevor {Brannon} and D. {Maciulis} and others},
  organization = {GNU Project},
  url     = {https://www.gnu.org/software/gnu-c-manual/gnu-c-manual.html},
  urldate = {2025-10-15}
}

@online{iso-c-draft-n1570,
  title   = {ISO/IEC 9899:2011 (C11) --- Draft n1570},
  organization = {WG14},
  url     = {https://port70.net/~nsz/c/c11/n1570.html},
  urldate = {2025-10-15},
  note    = {Open access draft}
}

@online{cpp-reference,
  title   = {cppreference.com encyclopedia},
  organization = {cppreference},
  url     = {https://en.cppreference.com/w/},
  urldate = {2025-10-15}
}

@online{cpp-strings,
  title   = {std::string - Strings library},
  organization = {cppreference},
  url     = {https://en.cppreference.com/w/cpp/string/basic_string},
  urldate = {2025-10-15}
}

@online{c-strings-h,
  title   = {C library <string.h> reference},
  organization = {cppreference},
  url     = {https://en.cppreference.com/w/c/string/byte},
  urldate = {2025-10-15}
}

@online{cplusplus-io,
  title   = {C++ Input/Output library},
  organization = {cppreference},
  url     = {https://en.cppreference.com/w/cpp/io},
  urldate = {2025-10-15}
}

@book{kr-c,
  key     = {k&r-c-output-input},
  author  = {Brian W. Kernighan and Dennis M. Ritchie},
  title   = {The C Programming Language},
  edition = {2},
  year    = {1988},
  publisher = {Prentice Hall}
}

@online{c-struct,
  title   = {Structure and union specifiers (\S6.7.2.1)},
  organization = {WG14 C11 Draft n1570},
  url     = {https://port70.net/~nsz/c/c11/n1570.html#6.7.2.1},
  urldate = {2025-10-15}
}

@online{cpp-struct-class,
  title   = {Classes (C++)},
  organization = {cppreference},
  url     = {https://en.cppreference.com/w/cpp/language/classes},
  urldate = {2025-10-15}
}

@online{c-functions,
  title   = {Functions in C},
  organization = {The GNU C Reference Manual},
  url     = {https://www.gnu.org/software/gnu-c-manual/gnu-c-manual.html#Functions},
  urldate = {2025-10-15}
}

@online{cpp-functions,
  title   = {Functions (C++)},
  organization = {cppreference},
  url     = {https://en.cppreference.com/w/cpp/language/functions},
  urldate = {2025-10-15}
}

@online{pascal-structs,
  title   = {Records},
  organization = {Wikibooks: Pascal Programming},
  url     = {https://en.wikibooks.org/wiki/Pascal_Programming/Records},
  urldate = {2025-10-15}
}

@online{pascal-procedure-function,
  title   = {Procedures and Functions},
  organization = {Wikibooks: Pascal Programming},
  url     = {https://en.wikibooks.org/wiki/Pascal_Programming/Procedures_and_Functions},
  urldate = {2025-10-15}
}
